@article{silva2023,
title = {An IoT-based energy management system for AC microgrids with grid and security constraints},
journal = {Applied Energy},
volume = {337},
pages = {120904},
year = {2023},
issn = {0306-2619},
doi = {https://doi.org/10.1016/j.apenergy.2023.120904},
author = {Jéssica Alice A. Silva and Juan Camilo López and Cindy Paola Guzman and Nataly Bañol Arias and Marcos J. Rider and Luiz C.P. {da Silva}},
keywords = {Energy management system, Grid and security constraints, 
Internet-of-Things (IoT), Microgrids, Software-in-the-loop}
}