@INPROCEEDINGS{Richardson2013,
  author={Richardson, Peter and Moran, Michael and Taylor, Jason and Maitra, Arindam and Keane, Andrew},
  booktitle={22nd International Conference and Exhibition on Electricity Distribution (CIRED 2013)}, 
  title={Impact of electric vehicle charging on residential distribution networks: An irish demonstration initiative}, 
  year={2013},
  volume={},
  number={},
  pages={1-4},
  keywords={},
  doi={10.1049/cp.2013.0873}}
